<record><leader>00000cas a22000007a 4500</leader><controlfield tag="001">10272455</controlfield><controlfield tag="008">840107d18661873pauwr ne      0    0eng d</controlfield><datafield ind1=" " ind2=" " tag="010"><subfield code="a">sn 84026078 </subfield></datafield><datafield ind1=" " ind2=" " tag="040"><subfield code="a">NPU</subfield><subfield code="b">eng</subfield><subfield code="c">NPU</subfield><subfield code="d">NPH</subfield><subfield code="d">OCLCQ</subfield><subfield code="d">OCLCO</subfield></datafield><datafield ind1="1" ind2=" " tag="029"><subfield code="a">AU@</subfield><subfield code="b">000025839731</subfield></datafield><datafield ind1=" " ind2=" " tag="042"><subfield code="a">msc</subfield></datafield><datafield ind1="0" ind2="0" tag="245"><subfield code="a">Keystone Good Templar.</subfield></datafield><datafield ind1=" " ind2=" " tag="260"><subfield code="a">Lancaster, Pa. :</subfield><subfield code="b">E.H. Rauch</subfield></datafield><datafield ind1=" " ind2=" " tag="300"><subfield code="a">v. :</subfield><subfield code="b">ill. (chiefly advertisements) ;</subfield><subfield code="c">50 cm.</subfield></datafield><datafield ind1=" " ind2=" " tag="310"><subfield code="a">Weekly</subfield></datafield><datafield ind1="1" ind2=" " tag="362"><subfield code="a">Began in 1866; ceased in 1873.</subfield><subfield code="z">Cf. A Checklist of Pennsylvania newspapers.</subfield></datafield><datafield ind1=" " ind2=" " tag="500"><subfield code="a">"A family paper-devoted to the spread of moral and religious truth."</subfield></datafield><datafield ind1=" " ind2=" " tag="500"><subfield code="a">Also published in Philadelphia, Pa., &lt;1873-&gt;.</subfield></datafield><datafield ind1=" " ind2=" " tag="500"><subfield code="a">Publisher: Theodore M. Cavna, &lt;1873&gt;.</subfield></datafield><datafield ind1=" " ind2=" " tag="500"><subfield code="a">Editor: E.H. Rauch &lt;Jan. 17, 1871-&gt;.</subfield></datafield><datafield ind1=" " ind2=" " tag="550"><subfield code="a">Official organ of the Grand Lodge of Pennsylvania, I.O.G.T.</subfield></datafield><datafield ind1=" " ind2=" " tag="580"><subfield code="a">Continued by: Keystone independent. Cf. A Checklist of Pennsylvania newspapers.</subfield></datafield><datafield ind1=" " ind2=" " tag="588"><subfield code="a">Description based on: Vol. 5, no. 29 (Jan. 17, 1871).</subfield></datafield><datafield ind1="2" ind2=" " tag="710"><subfield code="a">Independent Order of Good Templars.</subfield><subfield code="b">Grand Lodge of Pennsylvania.</subfield></datafield><datafield ind1=" " ind2=" " tag="752"><subfield code="a">United States</subfield><subfield code="b">Pennsylvania</subfield><subfield code="c">Philadelphia</subfield><subfield code="d">Philadelphia.</subfield></datafield><datafield ind1="1" ind2="0" tag="785"><subfield code="t">Keystone independent</subfield><subfield code="w">(DLC)sn 87080413</subfield></datafield></record>